<?xml version="1.0" encoding="UTF-8"?><record xmlns="http://www.loc.gov/MARC21/slim" xmlns:cinclude="http://apache.org/cocoon/include/1.0" xmlns:zs="http://www.loc.gov/zing/srw/">
  <leader>00720nz  a2200145n  4500</leader>
  <controlfield tag="001">n 2013201197</controlfield>
  <controlfield tag="003">DLC</controlfield>
  <controlfield tag="005">20131022153830.0</controlfield>
  <controlfield tag="008">131022n| azannaabn          |n aaa      </controlfield>
  <datafield tag="010" ind1=" " ind2=" ">
    <subfield code="a">n 2013201197</subfield>
  </datafield>
  <datafield tag="040" ind1=" " ind2=" ">
    <subfield code="a">DLC</subfield>
    <subfield code="b">eng</subfield>
    <subfield code="c">DLC</subfield>
    <subfield code="e">rda</subfield>
  </datafield>
  <datafield tag="100" ind1="1" ind2=" ">
    <subfield code="a">Lépore, Paulo Eduardo</subfield>
  </datafield>
  <datafield tag="373" ind1=" " ind2=" ">
    <subfield code="a">Universidade Estadual Paulista</subfield>
    <subfield code="a">Universidade de Ribeirão Preto</subfield>
    <subfield code="a">Fundação Armando Álvares Penteado</subfield>
    <subfield code="2">naf</subfield>
  </datafield>
  <datafield tag="374" ind1=" " ind2=" ">
    <subfield code="a">Lawyers</subfield>
    <subfield code="2">lcsh</subfield>
  </datafield>
  <datafield tag="670" ind1=" " ind2=" ">
    <subfield code="a">Pedofilia e abuso sexual de crianças e adolescentes, 2013:</subfield>
    <subfield code="b">t.p. (Paulo Eduardo Lépore) p. opp. t.p. (lawyer; doctoral degree, social service, Univ. Estadual Paulista--Unesp; master's degree, law, Univ. de Ribeirão Preto--Unaerp; professor, Fundação Armando Álvares Penteado--FAAP)</subfield>
  </datafield>
</record>